% Copyright 2024 John Hurst
% John Hurst (john.b.hurst@gmail.com)
% 2024-07-01

%%%%%%%%%%%%%%%%%%%%%%%%%%%%%%%%%%%%%%%%%%%%%%%%%%%%%%%%%%%%%%%%%%%%%%%%%%%%%%%
%%% HHL PAPERS FOR PROJECT:

% MAIN PAPERS:
@article{hhl2009,
  title = {Quantum Algorithm for Linear Systems of Equations},
  author = {Harrow, Aram W. and Hassidim, Avinatan and Lloyd, Seth},
  journal = {Phys. Rev. Lett.},
  volume = {103},
  issue = {15},
  pages = {150502},
  numpages = {4},
  year = {2009},
  month = {Oct},
  publisher = {American Physical Society},
  doi = {10.1103/PhysRevLett.103.150502},
  url = {https://link.aps.org/doi/10.1103/PhysRevLett.103.150502}
}

@article{zaman2023step,
  title={A Step-by-Step HHL Algorithm Walkthrough to Enhance Understanding of Critical Quantum Computing Concepts},
  author={Zaman, Anika and Morrell, Hector Jose and Wong, Hiu Yung},
  journal={IEEE Access},
  year={2023},
  publisher={IEEE}
}

@article{aaronson2015read,
  title={Read the fine print},
  author={Aaronson, Scott},
  journal={Nature Physics},
  volume={11},
  number={4},
  pages={291--293},
  year={2015},
  publisher={Nature Publishing Group UK London}
}

% SUPPLEMENTARY PAPERS:
@article{wang2020quantum,
  title={Quantum fast Poisson solver: the algorithm and complete and modular circuit design},
  author={Wang, Shengbin and Wang, Zhimin and Li, Wendong and Fan, Lixin and Wei, Zhiqiang and Gu, Yongjian},
  journal={Quantum Information Processing},
  volume={19},
  pages={1--25},
  year={2020},
  publisher={Springer}
}

@article{morgan2024enhanced,
  title={An Enhanced Hybrid HHL Algorithm},
  author={Morgan, Jack and Ghysels, Eric and Mohammadbagherpoor, Hamed},
  journal={arXiv preprint arXiv:2404.10103},
  year={2024}
}

% FURTHER LIT 1: OPTIMIZATION AND COMPLEXITY BOUNDS
@article{clader2013preconditioned,
  title={Preconditioned quantum linear system algorithm},
  author={Clader, B David and Jacobs, Bryan C and Sprouse, Chad R},
  journal={Physical review letters},
  volume={110},
  number={25},
  pages={250504},
  year={2013},
  publisher={APS}
}

@article{kerenidis2016quantum,
  title={Quantum recommendation systems},
  author={Kerenidis, Iordanis and Prakash, Anupam},
  journal={arXiv preprint arXiv:1603.08675},
  year={2016}
}

@article{scherer2017concrete,
  title={Concrete resource analysis of the quantum linear-system algorithm used to compute the electromagnetic scattering cross section of a 2D target},
  author={Scherer, Artur and Valiron, Beno\^{i}t and Mau, Siun-Chuon and Alexander, Scott and Van den Berg, Eric and Chapuran, Thomas E},
  journal={Quantum Information Processing},
  volume={16},
  pages={1--65},
  year={2017},
  publisher={Springer}
}

@article{shao2018quantum,
  title={Quantum circulant preconditioner for a linear system of equations},
  author={Shao, Changpeng and Xiang, Hua},
  journal={Physical Review A},
  volume={98},
  number={6},
  pages={062321},
  year={2018},
  publisher={APS}
}

% FURTHER LIT 2: SPARSE ELECTRICAL NETWORKS
@article{wang2017efficient,
  title={Efficient quantum algorithms for analyzing large sparse electrical networks},
  author={Wang, Guoming},
  journal={Quantum Information \& Computation},
  volume={17},
  number={11-12},
  pages={987--1026},
  year={2017},
  publisher={Rinton Press, Incorporated Paramus, NJ}
}

@inproceedings{somma2016quantum,
  title={Quantum linear systems algorithm with exponentially improved dependence on precision},
  author={Somma, Rolando and Childs, Andrew and Kothari, Robin},
  booktitle={APS March Meeting Abstracts},
  volume={2016},
  pages={H44--001},
  year={2016}
}

# FURTHER LIT 3: TOPOLOGICAL DATA ANALYSIS
@article{lloyd2014quantum,
  title={Quantum algorithms for topological and geometric analysis of big data},
  author={Lloyd, Seth and Garnerone, Silvano and Zanardi, Paolo},
  journal={arXiv preprint arXiv:1408.3106},
  year={2014}
}

@article{lloyd2016quantum,
  title={Quantum algorithms for topological and geometric analysis of data},
  author={Lloyd, Seth and Garnerone, Silvano and Zanardi, Paolo},
  journal={Nature communications},
  volume={7},
  number={1},
  pages={10138},
  year={2016},
  publisher={Nature Publishing Group UK London}
}

@article{huang2018demonstration,
  title={Demonstration of topological data analysis on a quantum processor},
  author={Huang, He-Liang and Wang, Xi-Lin and Rohde, Peter P and Luo, Yi-Han and Zhao, You-Wei and Liu, Chang and Li, Li and Liu, Nai-Le and Lu, Chao-Yang and Pan, Jian-Wei},
  journal={Optica},
  volume={5},
  number={2},
  pages={193--198},
  year={2018},
  publisher={Optica Publishing Group}
}

@article{ubaru2021quantum,
  title={Quantum topological data analysis with linear depth and exponential speedup},
  author={Ubaru, Shashanka and Akhalwaya, Ismail Yunus and Squillante, Mark S and Clarkson, Kenneth L and Horesh, Lior},
  journal={arXiv preprint arXiv:2108.02811},
  year={2021}
}

@article{gyurik2022towards,
  title={Towards quantum advantage via topological data analysis},
  author={Gyurik, Casper and Cade, Chris and Dunjko, Vedran},
  journal={Quantum},
  volume={6},
  pages={855},
  year={2022},
  publisher={Verein zur F{\"o}rderung des Open Access Publizierens in den Quantenwissenschaften}
}

@article{berry2024analyzing,
  title={Analyzing Prospects for Quantum Advantage in Topological Data Analysis},
  author={Berry, Dominic W and Su, Yuan and Gyurik, Casper and King, Robbie and Basso, Joao and Barba, Alexander Del Toro and Rajput, Abhishek and Wiebe, Nathan and Dunjko, Vedran and Babbush, Ryan},
  journal={PRX Quantum},
  volume={5},
  number={1},
  pages={010319},
  year={2024},
  publisher={APS}
}

%%%%%%%%%%%%%%%%%%%%%%%%%%%%%%%%%%%%%%%%%%%%%%%%%%%%%%%%%%%%%%%%%%%%%%%%%%%%%%%
%%% PAPERS FROM HOMEWORK3:
@article{mcardle2020,
    title = {Quantum computational chemistry},
    author = {Sam McArdle and Suguru Endo  and Al√°n Aspuru-Guzik and Simon C. Benjamin and Xiao Yuan},
    journal = {Rev. Mod. Phys.},
    volume = {92},
    year = {2020},
    url = {https://journals.aps.org/rmp/abstract/10.1103/RevModPhys.92.015003}
}

%%%%%%%%%%%%%%%%%%%%%%%%%%%%%%%%%%%%%%%%%%%%%%%%%%%%%%%%%%%%%%%%%%%%%%%%%%%%%%%
%%% BOOKS:
@book{aaronson2013,
    title = {Quantum Computing Since Democritus},
    author = {Scott Aaronson},
    year = {2013},
    isbn = {978-0-521-19956-8},
    publisher = {Cambridge University Press},
    edition = {1}
}

@book{baaquie2023,
  title={Quantum computers: Theory and algorithms},
  author={Baaquie, Belal Ehsan and Kwek, Leong-Chuan},
  year={2023},
  publisher={Springer Nature}
}

@book{flarend2022,
    title = {Quantum Computing: From Alice to Bob},
    author = {Alice Flarend and Bob Hilborn},
    year = {2022},
    isbn = {978-0-19-285798-9},
    publisher = {Oxford University Press},
    edition = {1}
}

@book{hidary2021,
    title = {Quantum Computing: An Applied Approach},
    author = {Jack D. Hidary},
    year = {2021},
    isbn = {978-3-030-83273-5},
    publisher = {Springer},
    edition = {1}
}

@book{lapierre2021,
    title = {Introduction to Quantum Computing},
    author = {Ray LaPierre},
    year = {2021},
    isbn = {978-3-030-69317-6},
    publisher = {Springer},
    edition = {1}
}

@book{nielsen2016,
    title = {Quantum Computation and Quantum Information},
    author = {Michael A. Nielsen and Isaac L. Chuang},
    year = {2016},
    isbn = {978-1-107-00217-3},
    publisher = {Cambridge University Press},
    edition = {1}
}

@book{sakurai2021,
    title = {Modern Quantum Mechanics},
    author = {J. J. Sakurai and Jim Napolitano},
    year = {2021},
    isbn = {978-1-108-47322-4},
    publisher = {Cambridge University Press},
    edition = {3}
}

@book{scherer2019,
    title = {Mathematics of Quantum Computing: An Introduction},
    author = {Wolfgang Scherer},
    year = {2019},
    isbn = {978-3-030-12357-4},
    publisher = {Springer},
    edition = {1}
}

@book{silva2024,
    title = {Quantum Computing by Practice},
    author = {Vladimir Silva},
    year = {2024},
    isbn = {978-1-4842-9990-6},
    publisher = {Apress},
    edition = {2}
}

@book{steeb2018,
    title = {Problems and Solutions in Quantum Computing and Quantum Information},
    author = {Willi-Hans Steeb and Yorick Hardy},
    year = {2018},
    isbn = {9789813239289},
    publisher = {World Scientific},
    edition = {1}
}

@book{susskind2014,
    title = {Quantum Mechanics: The Theoretical Minimum},
    author = {Leonard Susskind and Art Friedman},
    year = {2014},
    isbn = {978-0-241-00344-1},
    publisher = {Allen Lane},
    edition = {1}
}

@book{wilde2017,
    title = {Quantum Information Theory},
    author = {Mark M. Wilde},
    year = {2017},
    isbn = {978-1-107-17616-4},
    publisher = {Cambridge University Press},
    edition = {2}
}

@book{wong2022,
    title = {Introduction to Classical and Quantum Computing},
    author = {Thomas G. Wong},
    year = {2022},
    isbn = {979-8-9855931-0-5},
    publisher = {Rooted Grove},
    edition = {1}
}

@book{wong2024,
    title = {Introduction to Quantum Computing: From a Layperson to a Programmer in 30 Steps},
    author = {Hiu Yung Wong},
    year = {2024},
    isbn = {978-3-031-36984-1},
    publisher = {Springer},
    edition = {2}
}

@book{zwiebach2022,
    title = {Mastering Quantum Mechanics},
    auther = {Barton Zwiebach},
    year = {2022},
    isbn = {978-0-262-04613-8},
    publisher = {MIT Press},
    edition = {1}
}

@book{zygelman2018,
    title = {A First Introduction to Quantum Computing and Information},
    author = {Bernard Zygelman},
    year = {2018},
    isbn = {978-3-319-91628-6},
    publisher = {Springer},
    edition = {1}
}

%%%%%%%%%%%%%%%%%%%%%%%%%%%%%%%%%%%%%%%%%%%%%%%%%%%%%%%%%%%%%%%%%%%%%%%%%%%%%%%
%%% ONLINE RESOURCES:
@online{wikipedia_transistor_count,
    url = {https://en.wikipedia.org/wiki/Transistor_count},
    title = {Transistor count},
    author = {Wikipedia}
}

@online{ibm_chsh,
    url = {https://learning.quantum.ibm.com/tutorial/chsh-inequality},
    title = {CHSH inequality},
    author = {IBM Quantum}
}
